<record><leader>00000cas a2200000 a 4500</leader><controlfield tag="001">12981908</controlfield><controlfield tag="008">860106d18991944inudr ne      0    0eng c</controlfield><datafield ind1=" " ind2=" " tag="010"><subfield code="a">sn 86058001 </subfield></datafield><datafield ind1=" " ind2=" " tag="040"><subfield code="a">NPI</subfield><subfield code="b">eng</subfield><subfield code="c">NPI</subfield><subfield code="d">OCLCQ</subfield><subfield code="d">IUL</subfield><subfield code="d">OCLCF</subfield></datafield><datafield ind1=" " ind2=" " tag="042"><subfield code="a">pcc</subfield></datafield><datafield ind1=" " ind2=" " tag="043"><subfield code="a">n-us-in</subfield></datafield><datafield ind1="0" ind2="0" tag="245"><subfield code="a">Ft. Wayne journal-gazette.</subfield></datafield><datafield ind1="3" ind2="0" tag="246"><subfield code="a">Fort Wayne journal gazette</subfield></datafield><datafield ind1=" " ind2=" " tag="260"><subfield code="a">Fort Wayne, Ind. :</subfield><subfield code="b">Journal Co.,</subfield><subfield code="c">1899-1944.</subfield></datafield><datafield ind1=" " ind2=" " tag="300"><subfield code="a">volumes</subfield></datafield><datafield ind1=" " ind2=" " tag="310"><subfield code="a">Daily</subfield></datafield><datafield ind1="0" ind2=" " tag="362"><subfield code="a">June 14, 1899-Nov. 9, 1944.</subfield></datafield><datafield ind1=" " ind2=" " tag="500"><subfield code="a">Published as: The Fort Wayne journal-gazette, Aug. 9, 1899-Nov. 9, 1944.</subfield></datafield><datafield ind1=" " ind2=" " tag="580"><subfield code="a">Also published in an afternoon ed. called: The Fort Wayne evening press, Apr. 11, 1921-Sept. 2, 1922.</subfield></datafield><datafield ind1=" " ind2=" " tag="580"><subfield code="a">Also published in a weekly ed.</subfield></datafield><datafield ind1=" " ind2="0" tag="651"><subfield code="a">Fort Wayne (Ind.)</subfield><subfield code="v">Newspapers.</subfield></datafield><datafield ind1=" " ind2="0" tag="651"><subfield code="a">Allen County (Ind.)</subfield><subfield code="v">Newspapers.</subfield></datafield><datafield ind1=" " ind2="7" tag="655"><subfield code="a">Newspapers.</subfield><subfield code="2">fast</subfield><subfield code="0">(OCoLC)fst01423814</subfield></datafield><datafield ind1=" " ind2="7" tag="651"><subfield code="a">Indiana</subfield><subfield code="z">Allen County.</subfield><subfield code="2">fast</subfield><subfield code="0">(OCoLC)fst01207514</subfield></datafield><datafield ind1=" " ind2="7" tag="651"><subfield code="a">Indiana</subfield><subfield code="z">Fort Wayne.</subfield><subfield code="2">fast</subfield><subfield code="0">(OCoLC)fst01204891</subfield></datafield><datafield ind1=" " ind2=" " tag="752"><subfield code="a">United States</subfield><subfield code="b">Indiana</subfield><subfield code="c">Allen</subfield><subfield code="d">Fort Wayne.</subfield></datafield><datafield ind1="1" ind2=" " tag="775"><subfield code="t">Fort Wayne evening press</subfield><subfield code="w">(DLC)sn 87056706</subfield><subfield code="w">(OCoLC)16885947</subfield></datafield><datafield ind1="0" ind2="4" tag="780"><subfield code="t">Fort Wayne journal (Fort Wayne, Ind. : Daily)</subfield><subfield code="w">(DLC)sn 87055973</subfield><subfield code="w">(OCoLC)15673009</subfield></datafield><datafield ind1="0" ind2="4" tag="780"><subfield code="t">Fort Wayne gazette (Fort Wayne, Ind. : Daily : 1886)</subfield><subfield code="w">(DLC)sn 87056023</subfield><subfield code="w">(OCoLC)15673137</subfield></datafield><datafield ind1="0" ind2="0" tag="785"><subfield code="t">Journal-gazette (Fort Wayne, Ind.)</subfield><subfield code="x">0734-3701</subfield><subfield code="w">(DLC)sn 85047501</subfield><subfield code="w">(OCoLC)7368210</subfield></datafield><datafield ind1="4" ind2="1" tag="856"><subfield code="u">https://access.newspaperarchive.com/us/indiana/fort-wayne/fort-wayne-gazette/</subfield></datafield><datafield ind1="4" ind2="1" tag="856"><subfield code="u">https://access.newspaperarchive.com/us/indiana/fort-wayne/ft-wayne-journal-gazette/</subfield></datafield></record>